@book{Kozen,
  author       = {Dexter Kozen},
  title        = {Automata and computability},
  series       = {Undergraduate texts in computer science},
  publisher    = {Springer},
  year         = {1997},
  isbn         = {978-0-387-94907-9},
  timestamp    = {Tue, 26 Apr 2011 17:21:44 +0200},
  biburl       = {https://dblp.org/rec/books/daglib/0088160.bib},
  bibsource    = {dblp computer science bibliography, https://dblp.org}
}
