@article{bouajjani2000efficient,
  title={An efficient automata approach to some problems on context-free grammars},
  author={Bouajjani, Ahmed and Esparza, Javier and Finkel, Alain and Maler, Oded and Rossmanith, Peter and Willems, Bernard and Wolper, Pierre},
  journal={Information Processing Letters},
  volume={74},
  number={5-6},
  pages={221--227},
  year={2000},
  publisher={Elsevier}
}
