@article{Greibach,
  author       = {Sheila A. Greibach},
  title        = {A New Normal-Form Theorem for Context-Free Phrase Structure Grammars},
  journal      = {J. {ACM}},
  volume       = {12},
  number       = {1},
  pages        = {42--52},
  year         = {1965},
  url          = {https://doi.org/10.1145/321250.321254},
} 