@book{Kozen,
  author       = {Dexter Kozen},
  title        = {Automata and computability},
  series       = {Undergraduate texts in computer science},
  publisher    = {Springer},
  year         = {1997},
}
