@mastersthesis{JHofmann,
type={Bachelor's Thesis},
author={Jana Hofmann},
title={Verified Algorithms for Context-Free Grammars in Coq},
year=2016,school={Saarland University, Faculty of Natural Sciences and Technology I}
}

@book{HopcroftU79,
  author       = {John E. Hopcroft and
                  Jeffrey D. Ullman},
  title        = {Introduction to Automata Theory, Languages and Computation},
  publisher    = {Addison-Wesley},
  year         = {1979},
}
